%YAML 1.1
%TAG !u! tag:unity3d.com,2011:
--- !u!1001 &100100000
Prefab:
  m_ObjectHideFlags: 1
  serializedVersion: 2
  m_Modification:
    m_TransformParent: {fileID: 0}
    m_Modifications: []
    m_RemovedComponents: []
  m_ParentPrefab: {fileID: 0}
  m_RootGameObject: {fileID: 1199357189465812}
  m_IsPrefabParent: 1
--- !u!1 &1126857743375596
GameObject:
  m_ObjectHideFlags: 0
  m_PrefabParentObject: {fileID: 0}
  m_PrefabInternal: {fileID: 100100000}
  serializedVersion: 5
  m_Component:
  - component: {fileID: 4856092255824404}
  - component: {fileID: 108783833203671264}
  - component: {fileID: 123346089442439230}
  m_Layer: 0
  m_Name: SunLight
  m_TagString: Untagged
  m_Icon: {fileID: 0}
  m_NavMeshLayer: 0
  m_StaticEditorFlags: 0
  m_IsActive: 1
--- !u!1 &1199357189465812
GameObject:
  m_ObjectHideFlags: 0
  m_PrefabParentObject: {fileID: 0}
  m_PrefabInternal: {fileID: 100100000}
  serializedVersion: 5
  m_Component:
  - component: {fileID: 4879518724905468}
  - component: {fileID: 114450173078976844}
  m_Layer: 0
  m_Name: MainSkyboxController
  m_TagString: Untagged
  m_Icon: {fileID: 0}
  m_NavMeshLayer: 0
  m_StaticEditorFlags: 0
  m_IsActive: 1
--- !u!1 &1848217577059084
GameObject:
  m_ObjectHideFlags: 0
  m_PrefabParentObject: {fileID: 0}
  m_PrefabInternal: {fileID: 100100000}
  serializedVersion: 5
  m_Component:
  - component: {fileID: 4755695895817642}
  - component: {fileID: 108725827503260814}
  - component: {fileID: 123302456104443592}
  m_Layer: 0
  m_Name: MoonLight
  m_TagString: Untagged
  m_Icon: {fileID: 0}
  m_NavMeshLayer: 0
  m_StaticEditorFlags: 0
  m_IsActive: 1
--- !u!4 &4755695895817642
Transform:
  m_ObjectHideFlags: 1
  m_PrefabParentObject: {fileID: 0}
  m_PrefabInternal: {fileID: 100100000}
  m_GameObject: {fileID: 1848217577059084}
  m_LocalRotation: {x: 0, y: 0.92387956, z: -0.38268343, w: 0}
  m_LocalPosition: {x: 0, y: 0, z: 0}
  m_LocalScale: {x: 1, y: 1, z: 1}
  m_Children: []
  m_Father: {fileID: 4879518724905468}
  m_RootOrder: 1
  m_LocalEulerAnglesHint: {x: 45, y: 180, z: 0}
--- !u!4 &4856092255824404
Transform:
  m_ObjectHideFlags: 1
  m_PrefabParentObject: {fileID: 0}
  m_PrefabInternal: {fileID: 100100000}
  m_GameObject: {fileID: 1126857743375596}
  m_LocalRotation: {x: 0.38268343, y: 0, z: 0, w: 0.92387956}
  m_LocalPosition: {x: 0, y: 0, z: 0}
  m_LocalScale: {x: 1, y: 1, z: 1}
  m_Children: []
  m_Father: {fileID: 4879518724905468}
  m_RootOrder: 0
  m_LocalEulerAnglesHint: {x: 45, y: 0, z: 0}
--- !u!4 &4879518724905468
Transform:
  m_ObjectHideFlags: 1
  m_PrefabParentObject: {fileID: 0}
  m_PrefabInternal: {fileID: 100100000}
  m_GameObject: {fileID: 1199357189465812}
  m_LocalRotation: {x: 0, y: 0, z: 0, w: 1}
  m_LocalPosition: {x: 0, y: 0, z: 0}
  m_LocalScale: {x: 1, y: 1, z: 1}
  m_Children:
  - {fileID: 4856092255824404}
  - {fileID: 4755695895817642}
  m_Father: {fileID: 0}
  m_RootOrder: 0
  m_LocalEulerAnglesHint: {x: 0, y: 0, z: 0}
--- !u!108 &108725827503260814
Light:
  m_ObjectHideFlags: 1
  m_PrefabParentObject: {fileID: 0}
  m_PrefabInternal: {fileID: 100100000}
  m_GameObject: {fileID: 1848217577059084}
  m_Enabled: 1
  serializedVersion: 7
  m_Type: 1
  m_Color: {r: 1, g: 1, b: 1, a: 1}
  m_Intensity: 0
  m_Range: 10
  m_SpotAngle: 30
  m_CookieSize: 10
  m_Shadows:
    m_Type: 2
    m_Resolution: -1
    m_CustomResolution: -1
    m_Strength: 1
    m_Bias: 0.05
    m_NormalBias: 0.4
    m_NearPlane: 0.2
  m_Cookie: {fileID: 0}
  m_DrawHalo: 0
  m_Flare: {fileID: 0}
  m_RenderMode: 0
  m_CullingMask:
    serializedVersion: 2
    m_Bits: 4294967295
  m_Lightmapping: 4
  m_AreaSize: {x: 1, y: 1}
  m_BounceIntensity: 1
  m_ShadowRadius: 0
  m_ShadowAngle: 0
--- !u!108 &108783833203671264
Light:
  m_ObjectHideFlags: 1
  m_PrefabParentObject: {fileID: 0}
  m_PrefabInternal: {fileID: 100100000}
  m_GameObject: {fileID: 1126857743375596}
  m_Enabled: 1
  serializedVersion: 7
  m_Type: 1
  m_Color: {r: 1, g: 1, b: 1, a: 1}
  m_Intensity: 1
  m_Range: 10
  m_SpotAngle: 30
  m_CookieSize: 10
  m_Shadows:
    m_Type: 2
    m_Resolution: -1
    m_CustomResolution: -1
    m_Strength: 1
    m_Bias: 0.05
    m_NormalBias: 0.4
    m_NearPlane: 0.2
  m_Cookie: {fileID: 0}
  m_DrawHalo: 0
  m_Flare: {fileID: 0}
  m_RenderMode: 0
  m_CullingMask:
    serializedVersion: 2
    m_Bits: 4294967295
  m_Lightmapping: 4
  m_AreaSize: {x: 1, y: 1}
  m_BounceIntensity: 1
  m_ShadowRadius: 0
  m_ShadowAngle: 0
--- !u!114 &114450173078976844
MonoBehaviour:
  m_ObjectHideFlags: 1
  m_PrefabParentObject: {fileID: 0}
  m_PrefabInternal: {fileID: 100100000}
  m_GameObject: {fileID: 1199357189465812}
  m_Enabled: 1
  m_EditorHideFlags: 0
  m_Script: {fileID: 11500000, guid: b6d9d8b65fd0031429711733d00cff98, type: 3}
  m_Name: 
  m_EditorClassIdentifier: 
  SkyboxMaterial: {fileID: 2100000, guid: 9db1704bf17a80e4ab114d1085dc4266, type: 2}
  _topColor: {r: 0.29803923, g: 0.42745098, b: 0.7137255, a: 1}
  _bottomColor: {r: 0.773, g: 0.455, b: 0.682, a: 1}
  _starsTint: {r: 0.5, g: 0.5, b: 0.5, a: 1}
  _starsExtinction: 2
  _starsTwinklingSpeed: 4
  _sunLight: {fileID: 108783833203671264}
  _sunTint: {r: 0.7019608, g: 0.54901963, b: 0.36862746, a: 1}
  _sunSize: 0.04
  _sunFlare: 1
  _sunFlareBrightness: 0.3
  _moonLight: {fileID: 108725827503260814}
  _moonTint: {r: 0.49019608, g: 0.5372549, b: 1, a: 1}
  _moonSize: 0.04
  _moonFlare: 1
  _moonFlareBrightness: 0.3
  _cloudsHeight: -0.45
  _cloudsOffset: 0.2
  _cloudsRotationSpeed: 1
  _exposure: 1
  _adjustFogColor: 0
--- !u!123 &123302456104443592
LensFlare:
  m_ObjectHideFlags: 1
  m_PrefabParentObject: {fileID: 0}
  m_PrefabInternal: {fileID: 100100000}
  m_GameObject: {fileID: 1848217577059084}
  m_Enabled: 1
  m_Flare: {fileID: 12100000, guid: 32bf7fa8f87cbbc46993997f087d75c2, type: 2}
  m_Color: {r: 1, g: 1, b: 1, a: 1}
  m_Brightness: 0.3
  m_FadeSpeed: 3
  m_IgnoreLayers:
    serializedVersion: 2
    m_Bits: 6
  m_Directional: 1
--- !u!123 &123346089442439230
LensFlare:
  m_ObjectHideFlags: 1
  m_PrefabParentObject: {fileID: 0}
  m_PrefabInternal: {fileID: 100100000}
  m_GameObject: {fileID: 1126857743375596}
  m_Enabled: 1
  m_Flare: {fileID: 12100000, guid: 54fbbf098d116effa00081aba8ad6659, type: 2}
  m_Color: {r: 1, g: 1, b: 1, a: 1}
  m_Brightness: 0.3
  m_FadeSpeed: 3
  m_IgnoreLayers:
    serializedVersion: 2
    m_Bits: 6
  m_Directional: 1
